<?xml version="1.0" encoding="UTF-8"?><collection xmlns="http://www.loc.gov/MARC21/slim"><record><leader>00313nam--2200121-i-4500</leader><controlfield tag="001">000005722</controlfield><controlfield tag="002">20161230</controlfield><controlfield tag="005">20161230201026</controlfield><controlfield tag="008">060222s1000------------r-----000-0-eng-d</controlfield><datafield ind1=" " ind2=" " tag="245"><subfield code="a">The aecl iridium 192 radiography handbook</subfield></datafield><datafield ind1=" " ind2=" " tag="260"><subfield code="a">Ottawa, Atomic Energy Of Canada Ltd., 1961 43p</subfield></datafield><datafield ind1=" " ind2=" " tag="490"><subfield code="a">1154</subfield></datafield><datafield ind1=" " ind2=" " tag="852"><subfield code="a">16913</subfield></datafield></record></collection>